@Article{Art,
author = {作者1，作者2，作者3等},
title = {文献名},
journal = {期刊名},
year = {2015},
volume = {23},
number = {9},
pages = {1-13},
lang = {Chinese}
}

@Book{Boo,
author = {作者1，作者2，作者3等},
title = {书名},
publisher = {出版社},
year = {2015},
address = {出版地},
edition = {},
month = {5},
note = {},
lang = {Chinese}
}

@InBook{Inboo,
author = {作者1，作者2，作者3等},
title = {书名},
publisher = {出版社},
year = {2015},
address = {出版地},
edition = {},
month = {5},
pages = {2-13},
lang = {Chinese}
}
@InCollection{Incol,
author = {作者1，作者2，作者3等},
title = {篇名},
booktitle = {论文集名},
pages = {24-57},
editor = {编辑/主编},
publisher = {出版社},
year = {2015},
address = {出版地},
month = {},
lang = {Chinese}
}

@MastersThesis{MT,
author = {作者1，作者2，作者3等},
title = {论文名},
school = {保存者（一般是学校）},
year = {2015},
address = {保存者地址},
month = {},
lang = {Chinese},
pages = {2-13}
}

@PhdThesis{PhD,
author = {作者1，作者2，作者3等},
title = {论文名},
school = {保存者（一般是学校）},
year = {2015},
address = {保存者地址},
month = {},
lang = {Chinese},
pages = {2-13}
}

@TechReport{TechR,
author = {作者1，作者2，作者3等},
title = {报告名},
institution = {机构},
year = {2015},
address = {机构地址},
month = {},
lang = {Chinese},
pages = {3-13}
}

@network{Net,
author = {新浪微博},
title = {I-am-13},
url = {http://weibo.com/StickCui},
year = {2015},
month = {5},
day = {7}
}

@trans{Trans,
author = {Author1，Author2，Author3等（原作者）},
title = {译著名},
publisher = {出版社},
year = {2015},
address = {出版地},
translator = {作者1，作者2，作者3等（译者）},
month = {5},
pages = {3-13}
}

